<record><leader>00000cas a2200000 a 4500</leader><controlfield tag="001">28363879</controlfield><controlfield tag="008">930701d18941910iluwr ne      0   a0eng c</controlfield><datafield ind1=" " ind2=" " tag="010"><subfield code="a">sn 93055735 </subfield></datafield><datafield ind1=" " ind2=" " tag="040"><subfield code="a">NVF</subfield><subfield code="b">eng</subfield><subfield code="c">NVF</subfield><subfield code="d">OCLCQ</subfield><subfield code="d">NVF</subfield><subfield code="d">OCLCQ</subfield><subfield code="d">NVF</subfield><subfield code="d">OCLCF</subfield><subfield code="d">OCLCO</subfield></datafield><datafield ind1=" " ind2=" " tag="042"><subfield code="a">pcc</subfield></datafield><datafield ind1=" " ind2=" " tag="043"><subfield code="a">n-us-il</subfield></datafield><datafield ind1="0" ind2="4" tag="245"><subfield code="a">The Astoria search light.</subfield></datafield><datafield ind1="3" ind2=" " tag="246"><subfield code="a">Astoria searchlight</subfield></datafield><datafield ind1=" " ind2=" " tag="260"><subfield code="a">Astoria, Fulton County, Ill. :</subfield><subfield code="b">A.E. Scott,</subfield><subfield code="c">1894-1910.</subfield></datafield><datafield ind1=" " ind2=" " tag="300"><subfield code="a">v.</subfield></datafield><datafield ind1=" " ind2=" " tag="310"><subfield code="a">Weekly</subfield></datafield><datafield ind1="0" ind2=" " tag="362"><subfield code="a">Vol. 1, no. 1 (Aug. 9, 1894)-</subfield></datafield><datafield ind1="1" ind2=" " tag="362"><subfield code="a">Ceased in June 1910.</subfield></datafield><datafield ind1=" " ind2=" " tag="580"><subfield code="a">Merged with: Astoria Argus, to form: Argus-search light.</subfield></datafield><datafield ind1=" " ind2="0" tag="651"><subfield code="a">Astoria (Ill.)</subfield><subfield code="v">Newspapers.</subfield></datafield><datafield ind1=" " ind2="7" tag="655"><subfield code="a">Newspapers.</subfield><subfield code="2">fast</subfield><subfield code="0">(OCoLC)fst01423814</subfield></datafield><datafield ind1=" " ind2="7" tag="651"><subfield code="a">Illinois</subfield><subfield code="z">Astoria.</subfield><subfield code="2">fast</subfield><subfield code="0">(OCoLC)fst01868655</subfield></datafield><datafield ind1=" " ind2=" " tag="752"><subfield code="a">United States</subfield><subfield code="b">Illinois</subfield><subfield code="c">Fulton</subfield><subfield code="d">Astoria.</subfield></datafield><datafield ind1="1" ind2="7" tag="785"><subfield code="t">Astoria Argus</subfield><subfield code="w">(DLC)sn 93055734</subfield><subfield code="w">(OCoLC)28363805</subfield></datafield><datafield ind1="1" ind2="7" tag="785"><subfield code="t">Argus-search light</subfield><subfield code="w">(DLC)sn 93055736</subfield><subfield code="w">(OCoLC)28363957</subfield></datafield></record>